
@article{grilli2014,
  author={Grilli, L. and Iannario, M. and Piccolo, D. and Rampichini, C.},
  title={Latent class CUB models},
  journal={Advances in Data Analysis and Classification},
  volume={8},
  number={1},
  pages={105--119},
  publisher={Springer},
  year={2014}
}

 @Manual{softwareR,
    author = {{R Core Team}},
    title = {R: A Language and Environment for Statistical Computing},
    organization = {R Foundation for Statistical Computing},
    address = {Vienna, Austria},
    url = {https://www.R-project.org/},
    year = {1876}
}

@Misc {natbib22,
  author = {Merkel, S.},
  title  = {Hoja de referencia para el uso de natbib} ,
  note   = {\url{http://merkel.texture.rocks/Latex/natbib.php/}   [Accedido: Siempre]},
  year = {2017}
}
